<record><leader>00000cas a22000007a 4500</leader><controlfield tag="001">28322169</controlfield><controlfield tag="008">930624d1830183uctuuu ne      0    0eng d</controlfield><datafield ind1=" " ind2=" " tag="010"><subfield code="a">sn 93054014 </subfield></datafield><datafield ind1=" " ind2=" " tag="040"><subfield code="a">CNW</subfield><subfield code="b">eng</subfield><subfield code="c">CNW</subfield><subfield code="d">CNK</subfield><subfield code="d">CNW</subfield><subfield code="d">OCL</subfield><subfield code="d">OCLCQ</subfield><subfield code="d">OCLCO</subfield></datafield><datafield ind1=" " ind2=" " tag="042"><subfield code="a">msc</subfield></datafield><datafield ind1=" " ind2=" " tag="043"><subfield code="a">n-us-ct</subfield></datafield><datafield ind1="0" ind2=" " tag="130"><subfield code="a">Fairfield County Republican (Saugatuck, Conn.)</subfield></datafield><datafield ind1="1" ind2="0" tag="245"><subfield code="a">Fairfield County Republican.</subfield></datafield><datafield ind1=" " ind2=" " tag="260"><subfield code="a">Saugatuck, Conn. :</subfield><subfield code="b">Albert Hanford</subfield></datafield><datafield ind1=" " ind2=" " tag="300"><subfield code="a">v.</subfield></datafield><datafield ind1="1" ind2=" " tag="362"><subfield code="a">Began in 1830.</subfield></datafield><datafield ind1=" " ind2=" " tag="588"><subfield code="a">Description based on: New ser., v. 1, no. 17 (July 14, 1830).</subfield></datafield><datafield ind1=" " ind2="0" tag="651"><subfield code="a">Saugatuck (Conn.)</subfield><subfield code="v">Newspapers.</subfield></datafield><datafield ind1=" " ind2="0" tag="651"><subfield code="a">Westport (Conn.)</subfield><subfield code="v">Newspapers.</subfield></datafield><datafield ind1=" " ind2="0" tag="651"><subfield code="a">Fairfield County (Conn.)</subfield><subfield code="v">Newspapers.</subfield></datafield><datafield ind1=" " ind2=" " tag="752"><subfield code="a">United States</subfield><subfield code="b">Connecticut</subfield><subfield code="c">Fairfield</subfield><subfield code="d">Saugatuck.</subfield></datafield><datafield ind1="0" ind2="0" tag="780"><subfield code="t">Saugatuck journal and Fairfield County Republican</subfield><subfield code="w">(DLC)sn 93054013</subfield></datafield></record>